@book{levitan2015neuron,
  title={The neuron: cell and molecular biology},
  author={Levitan, Irwin B and Kaczmarek, Leonard K},
  year={2015},
  publisher={Oxford University Press, USA}
}

@book{fortney1987principles,
  title={Principles of electronics: analog and digital},
  author={Fortney, Lloyd R},
  year={1987},
  publisher={Oxford University Press}
}

@article{maeda2000pulse,
  title={A pulse-type hardware neuron model with beating, bursting excitation and plateau potential},
  author={Maeda, Yoshinobu and Makino, Hideo},
  journal={BioSystems},
  volume={58},
  number={1-3},
  pages={93--100},
  year={2000},
  publisher={Elsevier}
}

@ARTICLE {monster,
    author  = "Eric Young",
    title   = "Nonlinear Dynamics and Hodgkin-Huxley Equations",
    journal = "Models of the Neuron",
    year    = "2014"
}
@BOOK {keener,
    author    = "James Keener and James Sneyd",
    title     = "Mathematical Physiology",
    publisher = "Springer",
    year      = "2009"
}
@BOOK {strog,
    author    = "Steven Strogatz",
    title     = "Nonlinear Dynamics And Chaos: With Applications to Physics, Biology, Chemistry and Engineering",
    publisher = "Westview Press",
    year      = "2008"
}
@article{FITZHUGH1961445,
title = "Impulses and Physiological States in Theoretical Models of Nerve Membrane",
journal = "Biophysical Journal",
volume = "1",
number = "6",
pages = "445 - 466",
year = "1961",
note = "",
issn = "0006-3495",
doi = "http://dx.doi.org/10.1016/S0006-3495(61)86902-6",
url = "http://www.sciencedirect.com/science/article/pii/S0006349561869026",
author = "Richard FitzHugh",

}